% https://en.wikibooks.org/wiki/LaTeX/Bibliography_Management#biblatex 
% https://www.sharelatex.com/learn/Biblatex_bibliography_styles 

% attention Ã  l'utilisation de &, l'entourer de {}, et supprimer fichiers auxiliares
% - http://tex.stackexchange.com/questions/7198/how-to-escape-the-ampersand-character-in-bibtex 
% - ! Misplaced alignment tab character &. 

%@misc{bib:,
%	author = "",
%	title = "",
%	month = "",
%	year = "2000",
%	url = "\url{}", 
%	keywords = "",
%}


@misc{bib:wikipedia_WebRTC,
      author = "auteur and second",
      title = "titre",
      month = "January",
      year = "2016",
      url = "adresse internet",
      keywords = "premier,deuxieme"  
}

@article{bib:reinforcement_learning_in_robotics,
      author = "Jeans KOBER and J. Andrew BAGNELL and Jan PETERS",
      title = "Reinforcement Learning in Robotics : A Survey", 
      month = "July",
      year = "2013",
      url = "http://www.ias.tu-darmstadt.de/uploads/Publications/Kober_IJRR_2013.pdf",
      keywords = "learning,robotics,AI", 
}

@misc{bib:,
      author = "author",
      title = "title",
      month = "July",
      year = "2000",
      url = "url", 
      keywords = "key",
}

